@article{springel2021simulating,
  title={Simulating cosmic structure formation with the {GADGET}-4 code},
  author={Springel, Volker and Pakmor, R{\"u}diger and Zier, Oliver and Reinecke, Martin},
  journal={Monthly Notices of the Royal Astronomical Society},
  volume={506},
  number={2},
  pages={2871--2949},
  year={2021},
  publisher={Oxford University Press}
}
@article{springel2010pur,
  title={E pur si muove: Galilean-invariant cosmological hydrodynamical simulations on a moving mesh},
  author={Springel, Volker},
  journal={Monthly Notices of the Royal Astronomical Society},
  volume={401},
  number={2},
  pages={791--851},
  year={2010},
  publisher={Blackwell Publishing Ltd Oxford, UK}
}
@article{holmberg1941clustering,
  title={{O}n the {C}lustering {T}endencies among the {N}ebulae. II. a {S}tudy of {E}ncounters {B}etween {L}aboratory {M}odels of {S}tellar {S}ystems by a {N}ew {I}ntegration {P}rocedure.},
  author={Holmberg, Erik},
  journal={Astrophysical Journal, vol. 94, p. 385},
  volume={94},
  pages={385},
  year={1941}
}
@article{white1976dynamics,
  title={The dynamics of rich clusters of galaxies},
  author={White, Simon DM},
  journal={Monthly Notices of the Royal Astronomical Society},
  volume={177},
  number={3},
  pages={717--733},
  year={1976},
  publisher={Oxford University Press Oxford, UK}
}
@article{dyer1993softening,
  title={Softening in {N}-body simulations of collisionless systems},
  author={Dyer, Charles C and Ip, Peter SS},
  journal={Astrophysical Journal, Part 1 (ISSN 0004-637X), vol. 409, no. 1, p. 60-67.},
  volume={409},
  pages={60--67},
  year={1993}
}
@article{barnes1986hierarchical,
  title={A hierarchical {O (N log N)} force-calculation algorithm},
  author={Barnes, Josh and Hut, Piet},
  journal={nature},
  volume={324},
  number={6096},
  pages={446--449},
  year={1986},
  publisher={Nature Publishing Group UK London}
}
@article{eastwood1974shaping,
  title={Shaping the force law in two-dimensional particle-mesh models},
  author={Eastwood, James W and Hockney, Roger Williams},
  journal={Journal of Computational Physics},
  volume={16},
  number={4},
  pages={342--359},
  year={1974},
  publisher={Elsevier}
}
@phdthesis{appel1981investigation,
  title={{I}nvestigation of {G}alaxy {C}lustering {U}sing an {A}symptotically {F}ast {N}-{B}ody {A}lgorithm},
  author={Appel, Andrew W},
  year={1981},
  school={Princeton Department of Physics}
}
@article{springel2005simulating,
  title={Simulating the joint evolution of quasars, galaxies and their large-scale distribution},
  author={Springel, Volker and White, Simon DM and Jenkins, Adrian and Frenk, Carlos S and Yoshida, Naoki and Gao, Liang and Navarro, Julio and Thacker, Robert and Croton, Darren and Helly, John and others},
  journal={arXiv preprint astro-ph/0504097},
  year={2005}
}
@article{maksimova2021abacussummit,
  title={ABACUSSUMMIT: a massive set of high-accuracy, high-resolution N-body simulations},
  author={Maksimova, Nina A and Garrison, Lehman H and Eisenstein, Daniel J and Hadzhiyska, Boryana and Bose, Sownak and Satterthwaite, Thomas P},
  journal={Monthly Notices of the Royal Astronomical Society},
  volume={508},
  number={3},
  pages={4017--4037},
  year={2021},
  publisher={Oxford University Press}
}
@article{hubble1929relation,
  title={A relation between distance and radial velocity among extra-galactic nebulae},
  author={Hubble, Edwin},
  journal={Proceedings of the National Academy of Sciences},
  volume={15},
  number={3},
  pages={168--173},
  year={1929},
  publisher={National Acad Sciences}
}
@article{zwicky1933rotverschiebung,
  title={Die rotverschiebung von extragalaktischen nebeln},
  author={Zwicky, Fritz},
  journal={Helvetica Physica Acta, Vol. 6, p. 110-127},
  volume={6},
  pages={110--127},
  year={1933}
}
@article{aarseth1963dynamical,
  title={Dynamical evolution of clusters of galaxies, I},
  author={Aarseth, Sverre J and Hoyle, F},
  journal={Monthly Notices of the Royal Astronomical Society},
  volume={126},
  number={3},
  pages={223--255},
  year={1963},
  publisher={Oxford University Press Oxford, UK}
}
@article{hockney1988particle,
  title={Particle-particle-particle-mesh {(P3M)} algorithms},
  author={Hockney, Roger W and Eastwood, James W},
  journal={Computer simulation using particles},
  pages={267--304},
  year={1988},
  publisher={Taylor \& Francis Bristol, PA, USA}
}
@article{gingold1977smoothed,
  title={Smoothed particle hydrodynamics: theory and application to non-spherical stars},
  author={Gingold, Robert A and Monaghan, Joseph J},
  journal={Monthly notices of the royal astronomical society},
  volume={181},
  number={3},
  pages={375--389},
  year={1977},
  publisher={Oxford University Press Oxford, UK}
}